@article{bornatici1983,
  title={Electron cyclotron emission and absorption in fusion plasmas},
  author={Bornatici, M and Cano, R and De Barbieri, O and Engelmann, F},
  journal={Nuclear Fusion},
  volume={23},
  number={9},
  pages={1153},
  year={1983},
  publisher={IOP Publishing}
}