% Articles.
@article{bornatici1983,
	title={Electron cyclotron emission and absorption in fusion plasmas},
	author={Bornatici, M and Cano, R and De Barbieri, O and Engelmann, F},
	journal={Nuclear Fusion},
	volume={23},
	number={9},
	pages={1153},
	year={1983},
	publisher={IOP Publishing}
}

% Books.
@book{bellan2008fundamentals,
  title={Fundamentals of Plasma Physics},
  author={Bellan, Paul M},
  year={2008},
  publisher={Cambridge University Press}
}
@book{fitzpatrick2014plasma,
	title={Plasma physics: an introduction},
	author={Fitzpatrick, Richard},
	year={2014},
	publisher={Crc Press}
}

% Theses.
@phdthesis{volpe_phd_thesis,
	title={Electron Bernstein emission diagnostic of electron temperature profile at W7-AS Stellarator},
	author={Francesco Volpe},
	year={2003},
	school={Ernst Moritz Arndt Universitaet Greifswald}
}