@book{bellan2008fundamentals,
  title={Fundamentals of Plasma Physics},
  author={Bellan, Paul M},
  year={2008},
  publisher={Cambridge University Press}
}
@book{fitzpatrick2014plasma,
	title={Plasma physics: an introduction},
	author={Fitzpatrick, Richard},
	year={2014},
	publisher={Crc Press}
}